@Article{Firtha2015,
author = {G. Firtha and P. Fiala},
title = {{Sound Field Synthesis of Uniformly Moving Virtual Monopoles}},
journal = {J. Audio Eng. Soc.},
year = {2015},
volume = {63},
number = {1/2},
month = {Jan./Feb.}
}

@InProceedings{Spors10ahrens:analysis,
author = {S. Spors and J. Ahrens},
title = {{Analysis and Improvement of Pre-Equalization in 2.5-dimensional Wave Field Synthesis}},
booktitle = {Proc. of the 128th Audio Eng. Soc. Convention},
address = {London},
month = {May},
year = {2010}
} 


@Article{Ahrens2008ActaAc,
author = {J. Ahrens and S. Spors},
title = {{An Analytical Approach to Sound Field Reproduction Using Circular and Spherical Loudspeaker Distributions}},
journal = {Acta Acus. Utd. With Acust.},
year = {2008},
volume = {94},
number = {6},
pages = {988-999},
month = {Nov./Dec.}
}

@InProceedings{Spors2008:WFSrevisited,
author = {S. Spors and R. Rabenstein and J. Ahrens},
title = {{The Theory of Wave Field Synthesis Revisited}},
booktitle = {Proc. of the 124th Audio Eng. Soc. Convention},
address = {Amsterdam},
month = {May},
year = {2008}
} 

@Article{Ahrens2010a,
author = {J. Ahrens and S. Spors},
title = {{Sound Field Reproduction Using Planar and Linear Arrays of Loudspeakers}},
journal = {IEEE Trans. Audio, Speech, Lang. Process.},
year = {2010},
volume = {18},
number = {8},
pages = {2038-2050},
month = {Nov.}
} 

@misc{Ahrens2015:web,
  author = {J. Ahrens},
  title = {Comments on Simulating Moving Sound Sources},
  howpublished = {\url{http://www.soundfieldsynthesis.org/moving-sound-sources}},
  note = {Accessed: 2015-05-28}
}

@InProceedings{Spors2007,
author = {S. Spors},
title = {Extension of an Analytic Secondary Source Selection Criterion for Wave Field Synthesis},
booktitle = {Proc. of the 123rd Audio Eng. Soc. Convention},
address = {New York},
month = {October},
year = {2007}
}

@Article{Berkhout93,
author = {A.~J. Berkhout and D. de Vries and P. Vogel},
title = {{Acoustic control by Wave Field Synthesis}},
journal = {J. Acoust. Soc. Am.},
year = {1993},
volume = {93},
number = {5},
pages = {2764-2778},
month = {May}
} 

@InProceedings{Franck2007,
author = {A. Franck and A. Graefe and K. Thomas and M. Strauss},
title = {{Reproduction of Moving Sound Sources by Wave Field Synthesis: An Analysis of Artifacts}},
booktitle = {Proc. of the 32nd Intl. Conf. Audio Eng. Soc.: DSP For Loudspeakers},
address = {Hiller\o d},
month = {Sept.},
year = {2007}
}

@InProceedings{Ahrens2008moving,
author = {J. Ahrens and S. Spors},
title = {{Reproduction of Moving Virtual Sound Sources with Special Attention to the Doppler Effect}},
booktitle = {Proc. of the 124th Audio Eng. Soc. Convention},
address = {Amsterdam},
month = {May},
year = {2008}
} 

% Books
@Book{Morse1968,
author = {P.~M. Morse and K.~U. Ingard},
title = {Theoretical Acoustics},
publisher = {McGraw-Hill Book Company},
year = {1968},
address = {New York, NY},
edition = {1st}
}

@Book{Williams1999,
author = {E.~G. Williams},
title = {Fourier Acoustics: Sound Radiation and Nearfield Acoustical Holography},
publisher = {Academic Press},
year = {1999},
address = {London},
edition = {1st}
} 

@Book{Blackstock2000,
author = {D.~T. Blackstock},
title = {Fundamentals of Physical Acoustics},
publisher = {John Wiley \& Sons},
year = {2000}
}

@Book{Ahrens2012,
author = {J. Ahrens},
title = {Analytic Methods of Sound Field Synthesis},
publisher = {Springer},
year = {2012},
address = {Berlin},
edition = {1st}
}

@Book{Gumerov2004,
author = {N.~A. Gumerov and R. Duraiswami },
title = {Fast Multipole Methods for the Helmholtz Equation in Three Dimensions},
publisher = {Elsevier},
year = {2004},
OPTkey = {?},
OPTvolume = {?},
OPTnumber = {?},
OPTseries = {?},
OPTaddress = {?},
OPTedition = {?},
OPTmonth = {?},
OPTnote = {?},
OPTannote = {?}
}

@Book{Devaney2012,
author = {A.~J. Devaney},
title = {Mathematical Foundations of Imaging, Tomography and Wavefield Inversion},
publisher = {Cambridge University Press},
year = {2012}
}


@Book{Gradshteyn2007,
author = {I.~S. Gradshteyn and I.~M. Ryzhik},
title = {Table of Integrals, Series, and Products},
publisher = {Academic Press},
year = {2007},
OPTaddress = {San Diego, CA},
edition = {7th}
} 

@Book{Abramowitz1972,
author = {M. Abramowitz and I.~A. Stegun},
title = {Handbook of Mathematical Functions with Formulas, Graphs and Mathematical Tables},
publisher = {United States Department of Commerce},
year = {1972},
OPTaddress = {?},
OPTedition = {?}
} 

@Book{Beranek1993,
author = {L.~L. Beranek},
title = {Acoustics},
publisher = {Acoustical Society of America},
year = {1993},
OPTaddress = {?},
OPTedition = {?}
} 

@Book{Blenstein1975,
author = {N. Bleistein and R.~A. Handelsman},
title = {Asymptotic Expansions of Integrals},
publisher = {Dover Publications},
year = {1975},
edition = {1st}
} 

@Book{Gumerov2004,
author = {N.~A. Gumerov and R. Duraiswami},
ALTeditor = {•},
title = {Fast Multipole Methods for the Helmholtz Equation in Three Dimensions},
publisher = {Elsevier},
year = {2004},
OPTkey = {•},
OPTvolume = {•},
OPTnumber = {•},
OPTseries = {•},
OPTaddress = {•},
OPTedition = {•},
OPTmonth = {•},
OPTnote = {•},
OPTannote = {•}
}

@Book{Gibson2008,
author = {W.~C. Gibson},
ALTeditor = {•},
title = {The Method of Moments in Electromagnetics},
publisher = {Chapman \& Hall},
year = {2008},
OPTkey = {•},
OPTvolume = {•},
OPTnumber = {•},
OPTseries = {•},
OPTaddress = {•},
OPTedition = {•},
OPTmonth = {•},
OPTnote = {•},
OPTannote = {•}
}

@Book{Pierce1991,
author = {A.~D. Pierce},
ALTeditor = {•},
title = {Acoustics, An Introduction to its Physical Principles and Applications},
publisher = {Acoustical Society of America},
year = {1991},
OPTkey = {•},
OPTvolume = {•},
OPTnumber = {•},
OPTseries = {•},
OPTaddress = {•},
OPTedition = {•},
OPTmonth = {•},
OPTnote = {•},
OPTannote = {•}
}

% Phd theses
@PhdThesis{Start1997,
author = {E.~W. Start},
title = {{Direct sound enhancement by Wave Field Synthesis}},
school = {Delft Univ. of Technol.},
year = {1997},
address = {Delft, The Netherlands}
}


@PhdThesis{Verheijen1997,
author = {E. Verheijen},
title = {Sound Reproduction by Wave Field Synthesis},
school = {Delft Univ. of Technol.},
year = {1997},
address = {Delft, The Netherlands}
}  


@PhdThesis{Ahrens2010phd,
author = {J. Ahrens},
title = {The Single-layer Potentital Approach Applied to Sound Field Synthesis Including of Non-enclosing Distributions of Secondary Sources},
school = {Technischen Universitat Berlin},
year = {2010},
OPTkey = {?},
OPTtype = {?},
OPTaddress = {?},
OPTmonth = {?},
OPTnote = {?},
OPTannote = {?}
}

@PhdThesis{Zotter2009,
author = {F. Zotter},
title = {Analysis and Synhtesis of Sound-Radiation with Spherical Arrays},
school = {University of Music and Performing Arts, Austria},
year = {2009},
OPTkey = {?},
OPTtype = {?},
OPTaddress = {?},
OPTmonth = {?},
OPTnote = {?},
OPTannote = {?}
}


@PhdThesis{Spors2005,
author = {S. Spors},
title = {Active Listening Room Compensation for Spatial Sound Reproduction Systems},
school = {Friedrich-Alexander-Universitat Erlangen-Nurnberg},
year = {2005},
OPTkey = {?},
OPTtype = {?},
OPTaddress = {?},
OPTmonth = {?},
OPTnote = {?},
OPTannote = {?}
}
