% Encoding: UTF-8

@Article{Firtha2018:WFS_vs_SDM_booklet,
  author    = {G. Firtha and P. Fiala and F. Schultz and S. Spors},
  author+an = {1=highlight},
  title     = {On the General Relation of Wave Field Synthesis and Spectral Division Method for Linear Arrays},
  journal   = {IEEE/ACM Transactions on Audio, Speech, and Language Processing},
  year      = {2018},
  volume    = {26},
  number    = {12},
  pages     = {2393--2403},
  month     = dec,
  issn      = {2329-9290},
  note      = {IF: 2.95},
  comment   = {IF: 2.95},
  doi       = {10.1109/TASLP.2018.2865091},
  keywords  = {J},
  owner     = {Firtha Gergely},
  timestamp = {2016.06.07},
}

@Article{Firtha2016_booklet,
  author    = {G. Firtha and P. Fiala and F. Schultz and S. Spors},
  title     = {Improved Referencing Schemes for 2.5D Wave Field Synthesis Driving Functions},
  journal   = {IEEE/ACM Transactions on Audio, Speech, and Language Processing},
  year      = {2017},
  volume    = {25},
  number    = {5},
  pages     = {1117--1127},
  month     = may,
  note      = {IF: 2.95, C: 4},
  author+an = {1=highlight},
  comment   = {IF: 2.95, C: 3},
  keywords  = {J},
  optannote = {•},
  optkey    = {•},
  optnote   = {•},
}

@Article{firtha2016wave_booklet,
  author    = {G. Firtha and P. Fiala},
  author+an = {1=highlight},
  title     = {Wave Field Synthesis of Moving Sources with Retarded Stationary Phase Approximation},
  journal   = {Journal of Audio Engineering Society},
  year      = {2016},
  volume    = {63},
  number    = {12},
  pages     = {958--965},
  month     = jan,
  note      = {IF: 0.774, C: 3},
  comment   = {IF: 0.774, C: 3},
  doi       = {10.17743/jaes.2015.0078},
  keywords  = {J},
  publisher = {Audio Engineering Society},
  url       = {http://dx.doi.org/10.17743/jaes.2015.0078},
}

@Article{firtha2015sound_booklet,
  author    = {G. Firtha and P. Fiala},
  author+an = {1=highlight},
  title     = {Sound Field Synthesis of Uniformly Moving Virtual Monopoles},
  journal   = {Journal of Audio Engineering Society},
  year      = {2015},
  volume    = {63},
  number    = {1/2},
  pages     = {46--53},
  month     = jan,
  note      = {IF: 0.774, C: 5},
  comment   = {IF: 0.774, C: 5},
  doi       = {10.17743/jaes.2015.0004},
  keywords  = {J},
  publisher = {Audio Engineering Society},
  url       = {http://dx.doi.org/10.17743/jaes.2015.0004},
}

@InProceedings{Firtha2017:daga_booklet,
  author    = {G. Firtha and P. Fiala},
  title     = {Explicit Sound Field Synthesis Driving Functions in the Spatial Domain},
  booktitle = {DAGA 2017, 43rd Annual Conference on Acoustics},
  year      = {2017},
  pages     = {1--4},
  address   = {Kiel, Germany},
  month     = mar,
  note      = {oral presentation},
  author+an = {1=highlight},
  keywords  = {C},
}

@InProceedings{Firtha2018_daga_a_booklet,
  author    = {G. Firtha and P. Fiala},
  title     = {Spatial Aliasing and Loudspeaker Directivity in Unified Wave Field Synthesis Theory},
  booktitle = {DAGA 2018, 44th German Annual Conference on Acoustics},
  year      = {2018},
  pages     = {1314--1317},
  address   = {München, Germany},
  month     = mar,
  note      = {poster},
  author+an = {1=highlight},
  keywords  = {C},
}

@InProceedings{Firtha2018_daga_moving_source_booklet,
  author    = {G. Firtha and P. Fiala},
  title     = {Theory and Implementation of 2.5D WFS of moving sources with arbitrary trajectory},
  booktitle = {DAGA 2018, 44th German Annual Conference on Acoustics},
  year      = {2018},
  pages     = {1318--1321},
  address   = {München, Germany},
  month     = mar,
  note      = {oral presentation},
  author+an = {1=highlight},
  keywords  = {C},
}

@InProceedings{firtha2016:daga_booklet,
  author    = {G. Firtha and P. Fiala},
  title     = {Investigation of Spatial Aliasing Artifacts of Wave Field Synthesis for the Reproduction of Moving Virtual Point Sources},
  booktitle = {DAGA 2016, 42nd German Annual Conference on Acoustics},
  year      = {2016},
  pages     = {1008--1011},
  address   = {Aachen, Germany},
  month     = mar,
  note      = {oral presentation},
  author+an = {1=highlight},
  keywords  = {C},
}

@Conference{schultz2017wave_booklet,
  author    = {F. Schultz and G. Firtha and P. Fiala and S. Spors},
  author+an = {2=highlight},
  title     = {Wave Field Synthesis Driving Functions for Large-Scale Sound Reinforcement Using Line Source Arrays},
  booktitle = {Audio Engineering Society Convention 142},
  year      = {2017},
  month     = may,
  note      = {C: 1},
  keywords  = {C},
  url       = {http://www.aes.org/e-lib/browse.cfm?elib=18599},
}

@Article{doi:10.1121/1.4996126_booklet,
  author   = {G. Firtha and P. Fiala},
  author+an = {1=highlight},
  title    = {Wave Field Synthesis of moving sources with arbitrary trajectory and velocity profile},
  journal  = {Journal of the Acoustical Society of America},
  year     = {2017},
  volume   = {142},
  number   = {2},
  pages    = {551--560},
  note     = {IF: 1.572, C: 3},
  comment  = {IF: 1.572, C: 3},
  doi      = {10.1121/1.4996126},
  keywords = {J},
}

@InProceedings{Firtha2015:daga_booklet,
  author    = {G. Firtha and P. Fiala},
  title     = {Synthesis of a moving virtual sources with Wave Field Synthesis},
  booktitle = {DAGA 2015, 41st German Annual Conference on Acoustics},
  year      = {2015},
  pages     = {1--4},
  address   = {Nürnberg, Germany},
  month     = mar,
  note      = {poster},
  author+an = {1=highlight},
  keywords  = {C},
}

@InProceedings{Firtha2014:daga_booklet,
  author    = {G. Firtha and P. Fiala},
  title     = {Synthesis of a moving virtual sound source applying the spectral division method},
  booktitle = {DAGA 2014, 40th German Annual Conference on Acoustics},
  year      = {2014},
  pages     = {1--2},
  address   = {Oldenburg, Germany},
  month     = mar,
  note      = {oral presentation},
  author+an = {1=highlight},
  keywords  = {C},
}

@InProceedings{Firtha2013:daga_booklet,
  author    = {G. Firtha and P. Fiala},
  title     = {Sound Field Reproduction Applying Stochastic Secondary Sources},
  booktitle = {AIA-DAGA 2013, 39th Annual Conference on Acoustics},
  year      = {2013},
  pages     = {1--4},
  address   = {Merano, Italy},
  month     = mar,
  note      = {oral presentation},
  author+an = {1=highlight},
  keywords  = {C},
}

@InProceedings{Firtha2013:internoise_booklet,
  author    = {G. Firtha and P. Fiala},
  title     = {Sound field reproduction with stochastic secondary sources},
  booktitle = {Internoise 2013, 42nd International Congress and Exposition on Noise Control Engineering},
  year      = {2013},
  pages     = {1--11},
  address   = {Innsbruck, Austria},
  month     = sep,
  note      = {oral presentation},
  author+an = {1=highlight},
  keywords  = {C},
}

@InProceedings{Firtha2012:isma_booklet,
  author    = {G. Firtha and P. Fiala},
  title     = {Prefiltering the wave field synthesis operators - anti-aliasing and source directivity},
  booktitle = {ISMA 2012, International Conference on Noise and Vibration Engineering},
  year      = {2012},
  pages     = {1--15},
  address   = {Leuven, Belgium},
  month     = sep,
  note      = {C: 1, oral presentation},
  author+an = {1=highlight},
  comment   = {C: 1},
  keywords  = {C},
}

@InProceedings{Firtha2014:isma_booklet,
  author    = {G. Firtha and P. Fiala},
  title     = {Sound field synthesis of a moving virtual sound source applying the Spectral Division Method},
  booktitle = {ISMA 2014, International Conference on Noise and Vibration Engineering},
  year      = {2014},
  pages     = {1--15},
  address   = {Leuven, Belgium},
  month     = sep,
  note      = {oral presentation},
  author+an = {1=highlight},
  keywords  = {C},
}

@Article{Firtha2010,
  author   = {G. Firtha},
  title    = {Automatikus hangmagasság-korrekciós rendszer létrehozása frekvenciatartományban},
  journal  = {Akusztikai Szemle},
  year     = {2010},
  volume   = {10},
  number   = {3-4},
  pages    = {56--61},
  keywords = {O},
}

@Article{Firtha2011,
  author   = {G. Firtha},
  title    = {Automatikus hangmagasság-korrekciós rendszer létrehozása},
  journal  = {Hiradástechnika},
  year     = {2011},
  volume   = {66},
  number   = {2},
  pages    = {33--38},
  keywords = {O},
}

@InProceedings{Firtha2019:daga_booklet,
  author       = {G. Firtha},
  title        = {Generalization of Wave Field Synthesis theory with application for virtual moving sources},
  booktitle    = {DAGA 2019, 45th German Annual Conference on Acoustics},
  year         = {2019},
  pages        = {19--22},
  address      = {Rostock},
  month        = mar,
  organization = {DAGA},
  note         = {pre-colloquium talk},
  keywords     = {C},
}

@InProceedings{Schultz2019:HOA_vs_WFS_booklet,
  author       = {F. Schultz and G. Firtha and F. Winter and S. Spors},
  title        = {On the Connections of High-Frequency Approximated Ambisonics and Wave Field Synthesis},
  booktitle    = {DAGA 2019, 45th German Annual Conference on Acoustics},
  year         = {2019},
  pages        = {1446--1449},
  address      = {Rostock},
  month        = mar,
  organization = {DAGA},
  note         = {oral presentation},
  keywords     = {C},
}

@Article{8611109_booklet,
  author   = {F. Winter and F. Schultz and G. Firtha and S. Spors},
  title    = {A Geometric Model for Prediction of Spatial Aliasing in 2.5D Sound Field Synthesis},
  journal  = {IEEE/ACM Transactions on Audio, Speech, and Language Processing},
  year     = {2019},
  pages    = {1-1},
  issn     = {2329-9290},
  note     = {IF: 2.95},
  comment  = {IF: 2.95},
  doi      = {10.1109/TASLP.2019.2892895},
  keywords = {J},
  owner    = {Firtha Gergely},
}

@InProceedings{Tapolczai2019:DAGA_booklet,
  author       = {P. Tapolczai and P. Fiala and G. Firtha and P. Rucz},
  title        = {Simulation framework for detecting and tracking moving sound sources using acoustical beamforming methods},
  booktitle    = {DAGA 2019, 45th German Annual Conference on Acoustics},
  year         = {2019},
  pages        = {1112--1115},
  address      = {Rostock},
  month        = mar,
  organization = {DAGA},
  note         = {oral presentation},
  keywords     = {O},
}

@Comment{jabref-meta: databaseType:bibtex;}
